
@inproceedings{foti2012generalized,
  title={A generalized computational framework for accessibility: from the pedestrian to the metropolitan scale},
  Booktitle={Proceedings of the 4th TRB Conference on Innovations in Travel Modeling. Transportation Research Board.},
  author={Foti, Fletcher and Waddell, Paul and Luxen, Dennis},
  year={2012}
}

@article{blanchard2017urbanaccess,
  title={UrbanAccess: generalized methodology for measuring regional accessibility with an integrated pedestrian and transit network},
  author={Blanchard, Samuel D and Waddell, Paul},
  journal={Transportation Research Record: Journal of the Transportation Research Board},
  number={2653},
  pages={35--44},
  year={2017},
  publisher={Transportation Research Board of the National Academies}
}

@article{blanchard-waddell-trr-2017,
    author = {Blanchard, Samuel D and Waddell, Paul},
    title = {Assessment of Regional Transit Accessibility in the San Francisco Bay Area of California with UrbanAccess},
    journal = {Transportation Research Record: Journal of the Transportation Research Board},
    volume = {2654},
    number = {},
    pages = {45-54},
    year = {2017},
    doi = {10.3141/2654-06}
}

@article{southworth_walkable_1997,
	title = {Walkable suburbs?: an evaluation of neotraditional communities at the urban edge},
	volume = {63},
	shorttitle = {Walkable suburbs?},
	number = {1},
	journal = {American Planning Association. Journal of the American Planning Association},
	author = {M. Southworth},
	year = {1997},
	pages = {28-44}
}

@article{southworth_designing_2005,
	title = {Designing the walkable city},
	volume = {131},
	journal = {Journal of urban planning and development},
	author = {M. Southworth},
	year = {2005},
	pages = {246}
}

@article{southworth_evolving_1993,
	title = {The evolving metropolis: studies of community, neighborhood, and street form at the urban edge},
	volume = {59},
	shorttitle = {The evolving metropolis},
	number = {3},
	journal = {Journal of the American Planning Association},
	author = {M. Southworth and P. M Owens},
	year = {1993},
	pages = {271-287}
}

@article{hansen_how_1959,
	title = {How accessibility shapes land use},
	volume = {25},
	number = {2},
	journal = {Journal of the American Institute of Planners},
	author = {W. G Hansen},
	year = {1959},
	pages = {73-76}
}

@article{kwan_space-time_1998,
	title = {Space-time and integral measures of individual accessibility: a comparative analysis using a point-based framework},
	volume = {30},
	shorttitle = {Space-time and integral measures of individual accessibility},
	number = {3},
	journal = {Geographical Analysis},
	author = {M. P Kwan},
	year = {1998},
	pages = {191-216}
}

@article{miller_measuring_1999,
	title = {Measuring space-time accessibility benefits within transportation networks: basic theory and computational procedures},
	volume = {31},
	shorttitle = {Measuring space-time accessibility benefits within transportation networks},
	number = {1},
	journal = {Geographical Analysis},
	author = {H. J Miller},
	year = {1999},
	pages = {1-26}
}

@article{weibull_axiomatic_1976,
	title = {An axiomatic approach to the measurement of accessibility},
	volume = {6},
	number = {4},
	journal = {Regional Science and Urban Economics},
	author = {J. W Weibull},
	year = {1976},
	pages = {357-379}
}

@book{lynch_good_1984,
	title = {Good city form},
	isbn = {9780262620468},
	publisher = {{MIT} Press},
	author = {K. Lynch},
	year = {1984}
}

@book{lynch_image_1960,
	title = {The image of the city},
	isbn = {9780262620017},
	publisher = {{MIT} Press},
	author = {K. Lynch},
	year = {1960}
}

@book{alonso_location_1964,
	title = {Location and land use: toward a general theory of land rent},
	publisher = {Harvard University Press},
	author = {W. Alonso},
	year = {1964}
}

@book{wingo_transportation_1961,
	title = {Transportation and urban land},
	publisher = {Resources for the Future},
	author = {L. Wingo},
	year = {1961}
}

@book{von_thuenen_isolated_1966,
	title = {Isolated state: an English edition of Der isolierte Staat},
	publisher = {Pergamon Press},
	author = {J. H Von Thunen and P. G Hall},
	year = {1966}
}

@article{chen_development_2011,
	title = {Development of Opportunity-based Accessibility Indicators},
	journal = {{TRB} 2011 Annual Meeting},
	author = {Yali Chen and Ravulaparthy and Pendyala and Bhat},
	year = {2010}
}

@article{ewing_travel_2001,
	title = {Travel and the Built Environment: A Synthesis},
	volume = {1780},
	shorttitle = {Travel and the Built Environment},
	doi = {10.3141/1780-10},
	journal = {Transportation Research Record: Journal of the Transportation Research Board},
	author = {Reid Ewing and Robert Cervero},
	month = jan,
	year = {2001},
	pages = {87--114}
}

@article{ewing_travel_2010,
	title = {Travel and the Built Environment: A Meta-Analysis},
	volume = {76},
	journal = {Journal of the American Planning Association},
	author = {Reid Ewing and Robert Cervero},
	year = {2010},
	pages = {265--294}
}

@article{cervero_effects_2010,
	title = {Effects of built environments on vehicle miles traveled: evidence from 370 {US} urbanized areas},
	volume = {42},
	shorttitle = {Effects of built environments on vehicle miles traveled},
	doi = {10.1068/a4236},
	number = {2},
	journal = {Environment and Planning A},
	author = {Robert Cervero and Jin Murakami},
	year = {2010},
	pages = {400--418}
}

@article{kockelman_travel_1997,
	title = {Travel demand and the {3Ds:} Density, diversity, and design},
	volume = {2},
	shorttitle = {Travel demand and the {3Ds}},
	number = {3},
	journal = {Transportation Research Part D: Transport and Environment},
	author = {Robert Cerveo and Kara Kockelman},
	year = {1997},
	pages = {199--219}
}

@misc{parks_characterizing_2006,
	type = {Text},
	title = {Characterizing neighborhood pedestrian environments with secondary data},
	author = {James Parks and Joseph Schofer},
	year = {2006},
}

@book{dong_moving_2006,
	title = {Moving from trip-based to activity-based measures of accessibility},
        journal = {Transportation Research Part A},
	publisher = {Elsevier},
	author = {X. Dong and {M.E.} {Ben-Akiva} and {J.L.} Bowman and {J.L.} Walker},
	year = {2006}
}

@book{christaller_zentralen_1968,
	title = {Die zentralen Orte in Suiddeutschland.},
	author = {Walter Christaller},
	year = {1968}
}

@article{wigley_network_2001,
	title = {Network Fever},
	issn = {15263819},
	number = {4},
	journal = {Grey Room},
	author = {Mark Wigley},
	month = jul,
	year = {2001},
	pages = {83--122}
}

@book{castells_rise_2000,
	title = {The rise of the network society},
	isbn = {9780631221401},
	publisher = {Blackwell Publishers},
	author = {M. Castells},
	year = {2000}
}

@article{beaverstock_world-city_2004,
	title = {{World-City} Network: A New Metageography?},
	volume = {90},
	issn = {0004-5608},
	shorttitle = {{World-City} Network},
	doi = {10.1111/0004-5608.00188},
	number = {1},
	journal = {Annals of the Association of American Geographers},
	author = {Jonathan V. Beaverstock and Richard G. Smith and Peter J. Taylor},
	year = {2004},
	pages = {123--134}
}

@book{shannon_mathematical_1948,
	edition = {Paperback ed.},
	title = {The mathematical theory of communication.},
	isbn = {9780252725487},
	publisher = {The University of Illinois Press},
	author = {Claude Shannon},
	year = {1948}
}

@article{waddell_urbansim:_2002,
	title = {{UrbanSim:} Modeling urban development for land use, transportation, and environmental planning},
	volume = {68},
	shorttitle = {{UrbanSim}},
	number = {3},
	journal = {{Journal-American} {Planning} {Association}},
	author = {P. Waddell},
	year = {2002},
	pages = {297-314}
}

@article{hunt_current_2005,
	title = {Current operational urban land-use-transport modelling frameworks: a review},
	volume = {25},
	shorttitle = {Current operational urban land-use-transport modelling frameworks},
	number = {3},
	journal = {Transport Reviews},
	author = {J. D Hunt and D. S Kriger and E. J. Miller},
	year = {2005},
	pages = {329-376}
}

@article{getis_second-order_2010,
	title = {Second-order analysis of point patterns: the case of Chicago as a multi-center urban region},
	shorttitle = {Second-order analysis of point patterns},
	journal = {Perspectives on Spatial Data Analysis},
	author = {A. Getis},
	year = {2010},
	pages = {83-92}
}

@article{gordon_distribution_1986,
	title = {The distribution of population and employment in a polycentric city: the case of Los Angeles},
	volume = {18},
	shorttitle = {The distribution of population and employment in a polycentric city},
	number = {2},
	journal = {Environment and Planning A},
	author = {P. Gordon and H. W Richardson and H. L Wong},
	year = {1986},
	pages = {161-173}
}

@article{greene_recent_1980,
	title = {Recent trends in urban spatial structure},
	volume = {11},
	number = {1},
	journal = {Growth and Change},
	author = {D. L Greene},
	year = {1980},
	pages = {29-40}
}

@misc{walk_2011,
	title = {Walk Score Methodology},
	url = {http://www2.walkscore.com/pdf/WalkScoreMethodology.pdf},
	publisher = {Front Seat, Inc.},
	month = jul,
	year = {2011}
}

@misc{mount_ann:_2010,
	title = {{ANN:} {A} Library for Approximate Nearest Neighbor Searching},
	url = {http://www.cs.umd.edu/~mount/ANN/},
	author = {David Mount and Sunil Arya},
	month = jan,
	year = {2010}
}

@article{bentley_multidimensional_1975,
	title = {Multidimensional binary search trees used for associative searching},
	volume = {18},
	number = {9},
	journal = {Communications of the {ACM}},
	author = {J. L Bentley},
	year = {1975},
	pages = {509-517}
}

@misc{steps_2008,
	title = {Steps for Computing the Dissimilarity, Entropy, {Herfindahl-Hirschman} and 
Accessibility {(Gravity} with Competition) Indices},
	url = {planningandactivity.unc.edu/stepsdehaccessibiityindic.pdf},
	publisher = {{UNC} Website},
	year = {2008}
}

@article{borgatti_centrality_2005,
	title = {Centrality and network flow},
	volume = {27},
	number = {1},
	journal = {Social Networks},
	author = {S. P Borgatti},
	year = {2005},
	pages = {55-71}
}

@article{crucitti_centrality_2006,
	title = {Centrality measures in spatial networks of urban streets},
	volume = {73},
	number = {3},
	journal = {Physical Review E},
	author = {P. Crucitti and V. Latora and S. Porta},
	year = {2006},
	pages = {036125}
}


@phdthesis{sevtsuk_path_2010,
	title = {Path and Place: A Study of Urban Geometry and Retail Activity in Cambridge and Somerville, {MA}},
	shorttitle = {Path and Place},
	school = {Massachusetts Institute of Technology, Dept. of Urban Studies and Planning},
	author = {A. Sevtsuk},
	year = {2010}
}

@phdthesis{g-arptn-11,
	Author = {Robert Geisberger},
	Date-Added = {2011-10-25 21:32:32 +0000},
	Date-Modified = {2011-10-25 21:32:32 +0000},
	Month = {February},
	Pdf = {http://algo2.iti.kit.edu/download/diss_geisberger.pdf},
	School = {Karlsruhe Institute of Technology},
	Title = {{Advanced Route Planning in Transportation Networks}},
	Year = {2011}}

@inproceedings{ls-hdfue-11,
	Author = {Dennis Luxen and Peter Sanders},
	Booktitle = {Proceedings of the 10th International Symposium on Experimental Algorithms (SEA'11)},
	Date-Added = {2011-10-25 18:49:10 +0000},
	Date-Modified = {2011-10-25 18:49:10 +0000},
	Editor = {Panos M. Pardalos and Steffen Rebennack},
	Key = {SEA'11},
	Pages = {242--253},
	Publisher = {Springer},
	Series = {Lecture Notes in Computer Science},
	Title = {{Hierarchy Decomposition for Faster User Equilibria on Road Networks}},
	Volume = {6630},
	Year = {2011}}

@inproceedings{glsnv-fdcrs-10,
	Author = {Robert Geisberger and Dennis Luxen and Peter Sanders and Sabine Neubauer and Lars Volker},
	Booktitle = {Proceedings of the 10th Workshop on Algorithmic Approaches for Transportation Modeling, Optimization, and Systems (ATMOS'10)},
	Date-Added = {2011-10-25 18:44:29 +0000},
	Date-Modified = {2011-10-25 18:44:29 +0000},
	Key = {ATMOS'10},
	Pdf = {http://drops.dagstuhl.de/opus/volltexte/2010/2752/pdf/8.pdf},
	Series = {OpenAccess Series in Informatics (OASIcs)},
	Title = {{Fast Detour Computation for Ride Sharing}},
	Year = {2010}}

@inproceedings{ksssw-cmmsp-07,
	Author = {Sebastian Knopp and Peter Sanders and Dominik Schultes and Frank Schulz and Dorothea Wagner},
	Booktitle = {Proceedings of the 9th Workshop on Algorithm Engineering and Experiments (ALENEX'07)},
	Date-Added = {2011-10-25 18:43:20 +0000},
	Date-Modified = {2011-10-25 18:43:20 +0000},
	Key = {ALENEX'07},
	Pages = {36--45},
	Publisher = {SIAM},
	Title = {{Computing Many-to-Many Shortest Paths Using Highway Hierarchies}},
	Year = {2007}}

@inproceedings{klsv-dtdch-10,
	Author = {Tim Kieritz and Dennis Luxen and Peter Sanders and Christian Vetter},
	Booktitle = {Proceedings of the 9th International Symposium on Experimental Algorithms (SEA'10)},
	Date-Added = {2011-10-25 18:32:48 +0000},
	Date-Modified = {2011-10-25 18:32:48 +0000},
	Editor = {Paola Festa},
	Key = {SEA'10},
	Month = {May},
	Pages = {83--93},
	Publisher = {Springer},
	Series = {Lecture Notes in Computer Science},
	Title = {{Distributed Time-Dependent Contraction Hierarchies}},
	Volume = {6049},
	Year = {2010}}

@misc{v-ptdch-09,
	Author = {Christian Vetter},
	Date-Added = {2011-10-25 18:28:54 +0000},
	Date-Modified = {2011-10-25 18:31:41 +0000},
	Note = {Student Research Project. \url{http://algo2.iti.kit.edu/download/vetter_sa.pdf}},
	School = {Universit\"{a}t Karlsruhe (TH), Germany},
	Title = {{Parallel Time-Dependent Contraction Hierarchies}},
	Year = {2009}}

@inproceedings{afgw-hdspp-10,
	Author = {Ittai Abraham and Amos Fiat and Andrew V. Goldberg and Renato F. Werneck},
	Booktitle = {Proceedings of the 21st Annual {ACM--SIAM} Symposium on Discrete Algorithms (SODA'10)},
	Date-Added = {2011-10-25 18:11:16 +0000},
	Date-Modified = {2011-10-25 18:11:16 +0000},
	Editor = {Moses Charikar},
	Key = {SODA'10},
	Pages = {782--793},
	Pdf = {http://www.siam.org/proceedings/soda/2010/SODA10_064_abrahami.pdf},
	Publisher = {SIAM},
	Title = {{Highway Dimension, Shortest Paths, and Provably Efficient Algorithms}},
	Year = {2010}}

@article{d-ntpcg-59,
	Author = {Edsger W. Dijkstra},
	Date-Added = {2011-10-25 18:08:37 +0000},
	Date-Modified = {2011-10-25 18:08:37 +0000},
	Journal = {Numerische Mathematik},
	Pages = {269--271},
	Title = {{A Note on Two Problems in Connexion with Graphs}},
	Volume = {1},
	Year = {1959}}

@inproceedings{gssd-chfsh-08,
	Author = {Robert Geisberger and Peter Sanders and Dominik Schultes and Daniel Delling},
	Booktitle = {Proceedings of the 7th Workshop on Experimental Algorithms (WEA'08)},
	Date-Added = {2011-10-25 17:01:43 +0000},
	Date-Modified = {2011-10-25 17:01:43 +0000},
	Editor = {Catherine C. McGeoch},
	Key = {WEA'08},
	Month = {June},
	Pages = {319--333},
	Pdf = {http://i11www.ira.uka.de/extra/publications/gssd-chfsh-08.pdf},
	Publisher = {Springer},
	Series = {Lecture Notes in Computer Science},
	Title = {{Contraction Hierarchies: Faster and Simpler Hierarchical Routing in Road Networks}},
	Volume = {5038},
	Year = {2008}}
