@book{jokar_arsanjani_openstreetmap_2015,
	address = {Cham, Switzerland},
	series = {Lecture {Notes} in {Geoinformation} and {Cartography}},
	title = {{OpenStreetMap} in {GIScience}},
	isbn = {978-3-319-14279-1},
	publisher = {Springer International},
	editor = {Jokar Arsanjani, Jamal and Zipf, Alexander and Mooney, Peter and Helbich, Marco},
	year = {2015}
}


@article{corcoran_analysing_2013,
	title = {Analysing the growth of {OpenStreetMap} networks},
	volume = {3},
	issn = {22116753},
	doi = {10.1016/j.spasta.2013.01.002},
	language = {en},
	journal = {Spatial Statistics},
	author = {Corcoran, Padraig and Mooney, Peter and Bertolotto, Michela},
	year = {2013},
	pages = {21--32}
}


@article{willis_openstreetmap_2008,
	title = {{OpenStreetMap} project completes import of {United} {States} {TIGER} data},
	url = {https://www.linux.com/news/openstreetmap-project-completes-import-united-states-tiger-data},
	urldate = {2016-11-04},
	journal = {Linux.com},
	author = {Willis, Nathan},
	month = jan,
	year = {2008}
}

@article{maron_how_2015,
	title = {How complete is {OpenStreetMap}?},
	url = {https://www.mapbox.com/blog/how-complete-is-openstreetmap/},
	urldate = {2017-02-09},
	journal = {Mapbox},
	author = {Maron, Mikel},
	month = nov,
	year = {2015}
}



@article{gastner_spatial_2006,
	title = {The spatial structure of networks},
	volume = {49},
	issn = {1434-6028},
	doi = {10.1140/epjb/e2006-00046-8},
	language = {en},
	number = {2},
	journal = {The European Physical Journal B: Condensed Matter and Complex Systems},
	author = {Gastner, M. T. and Newman, M. E. J.},
	year = {2006},
	pages = {247--252}
}


@book{newman_networks:_2010,
	address = {Oxford, England},
	title = {Networks: {An} {Introduction}},
	isbn = {978-0-19-920665-0},
	shorttitle = {Networks},
	language = {English},
	publisher = {Oxford University Press},
	author = {Newman, M. E. J.},
	year = {2010}
}


@article{over_generating_2010,
	title = {Generating web-based 3D {City} {Models} from {OpenStreetMap}: {The} current situation in {Germany}},
	volume = {34},
	issn = {01989715},
	doi = {10.1016/j.compenvurbsys.2010.05.001},
	language = {en},
	number = {6},
	journal = {Computers, Environment and Urban Systems},
	author = {Over, M. and Schilling, A. and Neubauer, S. and Zipf, A.},
	year = {2010},
	pages = {496--507}
}



@article{haklay_how_2010,
	title = {How {Good} is {Volunteered} {Geographical} {Information}? {A} {Comparative} {Study} of {OpenStreetMap} and {Ordnance} {Survey} {Datasets}},
	volume = {37},
	issn = {1472-3417},
	shorttitle = {How {Good} is {Volunteered} {Geographical} {Information}?},
	doi = {10.1068/b35097},
	language = {en},
	number = {4},
	journal = {Environment and Planning B: Planning and Design},
	author = {Haklay, Mordechai},
	year = {2010},
	pages = {682--703}
}

@article{boeing_osmnx:_2017,
	title = {{OSMnx}: {New} {Methods} for {Acquiring}, {Constructing}, {Analyzing}, and {Visualizing} {Complex} {Street} {Networks}},
	volume = {65},
	doi = {10.1016/j.compenvurbsys.2017.05.004},
	number = {126-139},
	journal = {Computers, Environment and Urban Systems},
	author = {Boeing, G.},
	year = {2017}
}


@report{transportation_research_board_travel_2012,
	location = {Washington, D.C.},
	title = {Travel Demand Forecasting: Parameters and Techniques},
	url = {https://doi.org/10.17226/14665},
	shorttitle = {Travel Demand Forecasting},
	institution = {National Academies Press},
	author = {{Transportation Research Board}},
	urldate = {2017-12-14},
	date = {2012-05-01}
}

@book{transportation_research_board_highway_1985,
	location = {Washington, D.C.},
	title = {Highway Capacity Manual},
	publisher = {National Academies of Science},
	author = {{Transportation Research Board}},
	date = {1985}
}
